@book{Ferrers1877,
  title={An elementary treatise on spherical harmonics and subjects connected with them},
  author={Ferrers, N.M.},
  url={https://books.google.co.uk/books?id=fz0DAAAAQAAJ},
  year={1877}
}
